<?xml version="1.0" encoding="UTF-8"?><collection xmlns="http://www.loc.gov/MARC21/slim"><record><leader>00622nam--2200181-u-4500</leader><controlfield tag="001">000052808</controlfield><controlfield tag="002">20161230</controlfield><controlfield tag="005">20161230201050</controlfield><controlfield tag="008">101105s1000------------r-----000-0-eng-d</controlfield><datafield ind1=" " ind2=" " tag="040"><subfield code="a">IFIN-HH</subfield></datafield><datafield ind1=" " ind2=" " tag="080"><subfield code="a">535.24</subfield></datafield><datafield ind1="1" ind2=" " tag="100"><subfield code="a">Zalewski, Edward F</subfield></datafield><datafield ind1="1" ind2="0" tag="245"><subfield code="a">Optical radiation measurements: photometric instumentation and research (1970 to 1971)</subfield><subfield code="b">Nbs technical note 594-2</subfield><subfield code="c">Edward f. zalewski, a. russell schaefer, kshitij mohan, donald a. mcsparron</subfield></datafield><datafield ind1=" " ind2=" " tag="260"><subfield code="a">Washington</subfield><subfield code="b">National Bureau Of Standards</subfield><subfield code="c">1972</subfield></datafield><datafield ind1=" " ind2=" " tag="300"><subfield code="a">38 P</subfield></datafield><datafield ind1="1" ind2=" " tag="700"><subfield code="a">Mcsparron, Donald A</subfield></datafield><datafield ind1=" " ind2=" " tag="852"><subfield code="a">42719</subfield><subfield code="c">535</subfield></datafield><datafield ind1=" " ind2=" " tag="CAT"><subfield code="a">Sys</subfield><subfield code="c">20101105</subfield><subfield code="h">130127</subfield></datafield></record></collection>